@article{batagelj2002,
  title={Generalized cores},
  author={Batagelj, Vladimir and Zaver{\v{s}}nik, Matja{\v{z}}},
  journal={arXiv preprint cs/0202039},
  year={2002}
}

@INPROCEEDINGS{Luckie10,
author = "Luckie, M.",
title = "Scamper: a Scalable and Extensible Packet Prober for Active Measurement of the {I}nternet",
booktitle = "Proc. {ACM} Internet Measurement Conference",
year = "2010",
month = "November",
}

@ARTICLE{Keys13,
author = "Keys, K. and Hyun, Y. and Luckie, M. and {c}laffy, {kc}",
title = "{I}nternet-Scale {IP}v4 Alias Resolution with {MIDAR}",
journal = "{IEEE/ACM} Transactions on Networking",
year = "2011",
month = "April",
volume = "21",
number = "2",
pages = "383--399"
}

@ARTICLE{Calvert97,
author = "Calvert, K. and Doar, M. and Zegura, E.",
title = "Modeling {I}nternet Topology",
journal = "{IEEE} Communications Magazine",
year = "1997",
volume = "35",
number = "6",
pages = "160--163",
month = "June",
}

@ARTICLE{Wasman88,
author = "Waman, B. M.",
title = "Routing of Multipoint Connections",
journal = "{IEEE} Journal on Selected Areas in Communications",
year = "1988",
volume = "6",
number = "9",
pages = "1617--1622",
month = "December",
}

@INPROCEEDINGS{Alvarez06k,
author = "Alvarez-Hamelin, J. I. and Barrat, A. and Vespignani, A.",
title = "Large-Scale Networks Fingerprinting and Visualization Using the k-code Decomposition",
booktitle = "Proc. Advances in Neural Information Processing Systems",
year = "2006",
month = "December",
}


@ARTICLE{Serrano06,
author = "\'Angeles Serrano, M. and Bogun\'a, M. and D\'iaz-Guilera, A.",
title = "Modeling the {I}nternet",
journal = "Eur. Phys. J. B.",
year = "2006",
volume = "50",
number = "1--2",
pages = "249--254",
month = "February",
}

@ARTICLE{Alvarez08k,
author = "Alavarez-Hamelin, J. I. and Barrat, A. and Vespignani, A.",
title = "K-coe Decomposition of {I}nternet Graphs: Hierarchies, Self-Similarity and Measurement Biases",
journal = "Networks and Heterogeneous Media",
year = "2008",
volume = "3",
number = "2",
pages = "371--393",
month = "June",
}

@INPROCEEDINGS{Vanaubel15,
author = "Vanaubel, Y. and M\'erindol, P. and Pansiot, J.-J. and Donnet, B.",
title = "{MPLS} Under the Microscope: Revealing Actual Transit Path Diversity",
booktitle = "Proc. {ACM} Internet Measurement Conference ({IMC})",
year = "2015",
month = "October",
}

@INCOLLECTION{DONNET13,
author = "Donnet, B.",
title = "{I}nternet Topology Discovery",
booktitle = "Data Traffic Monitoring and Analysis: From Measurement, Classification and Anomaly Detection to Quality of Experience",
pages = "44--81",
publisher = "Springer",
year = "2013",
editor = "E. Biersack, C. Callegari, M. Matijasevic",
}

@ARTICLE{Beiro09,
author = "Alvarez-Hamelin, J. I. and Beiro, M. and Busch, R.",
title = "Understanding Edge Connectivity in the {I}nternet Through Core Decomposition",
journal = "Internet Mathematics",
year = "2011",
volume = "7",
number = "1",
pages = "45--66",
month = "March",
}

@INPROCEEDINGS{VAN2013,
author = "Vanaubel, Y. and Pansiot, J.-J. and M\'erindol, P. and Donnet, B.",
title = "Network Fingerprinting: {TTL}-Based Router Signature",
booktitle = "Proc. {ACM} Internet Measurement Conference ({IMC})",
year = "2013",
month = "October",
}

@ARTICLE{Tarissan20132331,
title = "Towards a bipartite graph modeling of the internet topology ",
author = "Tarissan, F. and Quoitin, B. and M\'erindol, P. and Donnet, B. and Pansiot, J-J. and Latapy, M.",
journal = "Computer Networks ",
volume = "57",
number = "11",
pages = "2331--2347",
year = "2013",
month = "August",
}

@ARTICLE{cs7203,
author = "Faratin, P. and Clark, D. and Bauer, S. and Lehr, W. and Gilmore, P. and Berger, A.",
title = "The Growing Complexity of {I}nternet Interconnection",
journal = "Communications \& Strategies",
year = "2008",
volume = "1",
number = "72",
pages = "41--72",
month = "April",
}

@TECHREPORT{rfc792,
author = "Postel, J.",
title = "{I}nternet Control Message Protocol",
institution = "{I}nternet {E}ngineering {T}ask {F}orce",
year = "1981",
type = "{RFC}",
number = "792",
month = "September",
}

@TECHREPORT{rfc1771,
author = "Rekhter, Y.  and  Li, T.",
title = "A Border Gateway Protocol 4 ({BGP-4})",
type = "{RFC}",
institution = "{I}nternet {E}ngineering {T}ask {F}orce",
number = "1771",
month = "March",
year = "1995",
}

@TECHREPORT{rfc2917,
author = "Muthukrishnan, K. and Malis, A.",
title = "A Core {MPLS} {IP} {VPN} Architecture",
year = "2000",
institution = "{I}nternet {E}ngineering {T}ask {F}orce",
type = "{RFC}",
number = "2917",
month = "September",
}

@TECHREPORT{rfc2991,
author = "Thaler, D.",
title = "Multipath Issues in Unicast and Multicast Next-Hop Selection",
institution = "{I}nternet {E}ngineering {T}ask {F}orce",
year = "2000",
type = "{RFC}",
number = "2991",
month = "November",
}

@TECHREPORT{rfc3031,
author = "Rosen, E. and Viswanathan, A. and Callon, R.",
title = "Multiprotocol Label Switching Architecture",
institution = "{I}nternet {E}ngineering {T}ask {F}orce",
year = "2001",
type = "{RFC}",
number = "3031",
month = "January",
}

@TECHREPORT{rfc3032,
author = "Rosen, E. and Tappan, D. and Fedorkow, G. and Rekhter, Y. and Farinacci, D. and Li, T. and Conta, A.",
title = "{MPLS} Label Stack Encoding",
institution = "{I}nternet {E}ngineering {T}ask {F}orce",
year = "2001",
type = "{RFC}",
number = "3032",
month = "January",
}

@TECHREPORT{rfc3209,
author = "Awduche, D. and Berger, L. and Gan, D. and Li, T. and Srinivasan, V. and Swallow, G.",
title = "{RSVP-TE}: Extensions to {RSVP} for {LSP} Tunnels",
institution = "{I}nternet {E}ngineering {T}ask {F}orce",
year = "2001",
type = "{RFC}",
number = "3209",
month = "December",
}

@TECHREPORT{rfc3443,
author = "Agarwal, P. and Akyol, B.",
title = "Time-to-Live ({TTL}) Processing in Multiprotocol Label Switching ({MPLS}) Networks",
institution = "{I}nternet {E}ngineering {T}ask {F}orce",
year = "2003",
type = "{RFC}",
number = "3443",
month = "January",
}

@TECHREPORT{rfc3812,
author = " Srinivasan, C. and Bloomberg L. P. and  Viswanathan, A. and  Nadeau, T.",
title = "Multiprotocol Label Switching ({MPLS}) Traffic Engineering ({TE}) Management Information Base ({MIB})",
type = "{RFC}",
institution = "{I}nternet {E}ngineering {T}ask {F}orce",
number = "3812",
month = "June",
year = "2004",
}

@TECHREPORT{rfc4950,
author = "Bonica, R. and Gan, D. and Tappan, D. and Pignataro, C.",
title = "{ICMP} Extensions for Multiprotocol Label Switching",
institution = "{I}nternet {E}ngineering {T}ask {F}orce",
year = "2007",
type = "{RFC}",
number = "4950",
month = "August",
}

@TECHREPORT{rfc5036,
author = "Andersson, L. and Minei, I. and Thomas, T.",
title = "{LDP} Specifications",
institution = "{I}nternet {E}ngineering {T}ask {F}orce",
year = "2007",
type = "{RFC}",
number = "5036",
month = "October",
}

@TECHREPORT{rfc5462,
author = "Andersson, L. and Asati, R.",
title = "Multiprocotol Label Switching ({MPLS}) Label Stack Entry: {EXP} Field Renamed to Traffic Class Field",
institution = "{I}nternet {E}ngineering {T}ask {F}orce",
year = "2009",
type = "{RFC}",
number = "5462",
month = "February",
}
@ARTICLE{pasto2001dynamical,
author = "Pastor-Satorras, R. and V\'azquez, A. and Vespignani, A.",
title = "Dynamical and Correlation Properties of the {I}nternet",
journal = "Physical Review Letters",
year = "2001",
volume = "87",
number = "25",
month = "November",
}

@MASTERSTHESIS{davila,
author = "Davila, G.",
title = "Impact of MPLS Tunnels on Internet Topology",
year = "2014",
school = "Buenos Aires University",
note = "See \url{http://cnet.fi.uba.ar/en/post_thesis/}"
}

@INPROCEEDINGS{Flach2012,
author = "Flach, T. and Katz-Bassett, E. and Govindan, R.",
title = "Quantifying Violations of Destination-Based Forwarding on the {I}nternet",
booktitle = "Proc. {ACM} Internet Measurement Conference ({IMC})",
year = "2012",
month = "November",
}
@ARTICLE{erdos59a,
author = "Erdos, P. and Renyi, A.",
title = "On Random Graphs",
journal = "Pub. Math. Debrecen",
year = "1959",
volume = "6",
pages = "290--297",
}

@ARTICLE{xiao00,
author = "Xiao, X. and Hannan, A. and Bailey, B.",
title = "Traffic Engineering with {MPLS} in the {I}nternet",
journal = "{IEEE} Network Magazine",
year = "2000",
volume = "14",
number = "2",
month = "April",
}

@TECHREPORT{BRAD12,
author = "Huffaker, B. and Fomenkov, M. anc claffy, kc",
title = "{I}nternet Topology Data comparison",
institution = "{C}ooperative {A}ssociation for {I}nternet {D}ata {A}nalaysis ({CAIDA})",
year = "2012",
type = "Tech. Rep.",
month = "May",
note = "See \url{http://www.caida.org/publications/papers/2012/topocompare-tr/}"
}

@ARTICLE{ClausetSN09,
author = "Clauset, A. and Shalizi, C. and Newman, M. E. J.",
title = "Power-Law Distributions in Empirical Data",
journal = "{SIAM} Review",
year = "2009",
volume = "51",
number = "4",
pages = "661--703",
}

@INPROCEEDINGS{PASCAL09,
author = "M\'erindol, P. and Van den Schriek, V. and Donnet, B. and Bonaventure, O. and Pansiot, J.-J.",
title = "Quantifying {AS}es Multiconnectivity Using Multicast Information",
booktitle = "Proc. {ACM} {USENIX} Internet Measurement Conference ({IMC})",
year = "2009",
month = "November",
}

@INPROCEEDINGS{PAH2012,
author = "Poggio, E. and Alvarez-Hamelin, J. I.",
title = "Enriched {I}nternet {T}opology",
booktitle = "Proc. 41 Jornadas Argentinas de Inform\'atica e Investigaci\'on Operativa-Argentine Symposium on Computing Technology ({JAIIO-AST})",
year = "2012",
month = "August",
}

@ARTICLE{Barabasi99,
author = "Barab\'asi, A.~L. and Albert, R.",
title = "Emergence of Scaling in Random Networks",
journal = "Science",
volume = "286",
pages = "509--512",
month = "October",
year = "1999",
}

@ARTICLE{NEWMAN2002,
author = "Newman, M. E. J.",
title = "Assortative Mixing in Networks",
journal = "Physical Review Letters",
year = "2002",
volume = "89",
number = "20",
month = "October",
}

@INPROCEEDINGS{SOM11,
author = "Sommers, J. and Eriksson, B. and Barford, P.",
title = "On the Prevalence and Characteristics of {MPLS} Deployments in the Open {I}nternet",
booktitle = "Proc. {ACM} Internet Measurement Conference ({IMC})",
year = "2011",
month = "November",
}

	
@article{ALVAREZ06,
  author = {Alvarez-Hamlein, J. I.},
  journal = {Mec{\'a}nica Computacional},
  keywords = {Modelos, tolología de Internet, distribuciones leyes de potencia, k-n{\'u}cleos},
  pages = {2597-2612},
  title = {Taxonom{\'i}a de los modelos de Topolog{\'i}a de Internet},
  volume = 25,
  year = 2006
}

@INPROCEEDINGS{PASCAL11,
author = "M\'erindol, P. and Donnet, B. and Pansiot, J.-J. and Luckie, M. and Hyun, Y.",
title = "{MERLIN}: {ME}asure the {R}outer {L}evel of the {IN}ternet",
booktitle = "Proc. 7th Euro-NF Conference on Next Generation Internet ({NGI})",
year = "2011",
month = "June",
}

@ARTICLE{MARCHETTA11,
author = "Marchetta, P. and M\'erindol, P. and Donnet, B. and Pescap\'e, A. and Pansiot, J.-J.",
title = "Topology Discovery at the Router Level: a New Hybrid Tool Targeting {ISP} Networks",
journal = "{IEEE} Journal on Selected Areas in Communication, Special Issue on Measurement of Internet Topologies",
year = "2011",
volume = "29",
number = "6",
pages="1776--1787",
month = "October",
}

@INPROCEEDINGS{MARCHETTA12,
author = "Marchetta, P. and M\'erindol, P. and Donnet, B. and Pescap\'e, A. and Pansiot, J.-J.",
title = "Quantifying and Mitigating {IGMP} Filtering in Topology Discovery",
booktitle = "Proc. {IEEE} Global Communications Conference ({GLOBECOM})",
year = "2012",
month = "December",
}

@INPROCEEDINGS{MERINDOL10,
author = "M\'erindol, P. and Donnet, B. and Bonaventure, O. and Pansiot, J.-J.",
title = "On the Impact of Layer-2 on Node Degree Distribution",
booktitle = "Proc. {ACM} Internet Measurement Conference ({IMC})",
year = "2010",
month = "November",
}
	
@ARTICLE{DIMITROPOULPS07,
author = "Dimitropoulos, X. and Krioukov, D. and Fomenkov, M. and Huffaker, B. and Hyun, Y. and claffy, k. and Riley, G.",
title = "{AS} Relationships: Inference and Validation",
journal = "{ACM} {SIGCOMM} Computer Communication Review",
year = "2007",
volume = "37",
number = "1",
pages = "29--40",
month = "January",
}

@INPROCEEDINGS{TANGMUNARUNKIT01,
author = "Tangmunarunkit, H. and Govindan, R. and Estrin, D. and Shenker, S.",
title = "The Impact of Routing Policy on {I}nternet Paths",
booktitle = "Proc. {IEEE} {INFOCOM}",
year = "2001",
month = "April",
}

@ARTICLE{GAO01,
author = "Gao, L.",
title = "On Inferring Autonomous System Relationships in the {I}nternet",
journal = "{IEEE/ACM} Transactions on Networking",
year = "2001",
volume = "9",
number = "6",
pages = "733--745",
month = "December",
}


@ARTICLE{DIBATTISTA07,
author = "Di Battista, G. and Erlebach, T. and Hall, A. and Patrignani, M. and Pizzonia, M. and Schank, T.",
title = "Computing the Types of the Relationships Between Autonomous Systems",
journal = "{IEEE/ACM} Transactions on Networking",
year = "2007",
volume = "15",
number = "2",
pages = "267--280",
month = "April",
}

@INPROCEEDINGS{XIA04,
author = "Xia, J. and Gao, L.",
title = "On the Evaluation of {AS} Relationship Inferences",
booktitle = "Proc. {IEEE} Global Communications Conference ({GLOBECOM})",
year = "2004",
month = "November",
}

@ARTICLE{DIMITROPOULOS07,
author = "Dimitropoulos, X. and Krioukov, D. and Fomenkov, M. and Huffaker, B. and Hyun, Y. and claffy, k. and Riley, G.",
title = "{AS} Relationships: Inference and Validation",
journal = "{ACM} {SIGCOMM} Computer Communication Review",
year = "2007",
volume = "37",
number = "1",
pages = "29--40",
month = "January",
}

@INPROCEEDINGS{BRICE06,
author = "B. Augustin and X. Cuvellier and B. Orgogozo and F. Viger and T. Friedman and M. Latapy and C. Magnien and Teixeira, R.",
title = "Avoiding Traceroute Anomalies with {P}aris Traceroute",
booktitle = "Proc. {ACM} Internet Measurement Conference ({IMC})",
year = "2006",
month = "October",
}

@INPROCEEDINGS{BRICE07,
author = "Augustin, B. and Teixeira, R. and Friedman, T.",
title = "Measuring Load-Balanced Paths in the Internet",
booktitle = "Proc. {ACM} Internet Measurement Conference ({IMC})",
year = "2007",
month = "November",
}

@MISC{CISCO01,
author = "{CISCO}",
title = "How Does Load Balancing Work?",
month = "January",
year = "2015",
url = "See \url{http://www.cisco.com/en/US/tech/tk365/technologies_tech_note09186a0080094820.shtml}",
}

@MISC{JUNIPER12,
author = "Juniper",
title = "Configuring Per-Packet Load Balancing",
url = "See \url{http://www.juniper.net/techpubs/en_US/junos12.2/topics/usage-guidelines/policy-configuring-per-packet-load-balancing.html}",
}

@INPROCEEDINGS{BilirSK05,
author = "Bilir, S. and Sarac, K. and Korkmaz, T.",
title = "Intersection Characteristics of End-to-End {I}nternet Paths and Tress",
booktitle = "Proc. {IEEE} International Conference on Network Protocols ({ICNP})",
year = "2005",
month = "November",
}

@ARTICLE{Donnet12,
author = "Donnet, B. and Luckie, M. and M\'erindol, P. and Pansiot, J.-J.",
title = "Revealing {MPLS} Tunnels Obscured by Traceroute",
journal = "{ACM} {SIGCOMM} Computer Communication Review",
year = "2012",
volume = "42",
number = "2",
month = "April",
pages = "87--93",
}

@TECHREPORT{MPLS97,
author = "Callon, r. and Doolan, P. and Feldman, N. and Fredette, A. and Swallow, G. and Viswanathan, A.",
title = "A Framework for Multiprotocol Label Switching",
institution = "{I}nternet {E}ngineering {T}ask {F}orce",
year = "2000",
type = "{I}nternet Draft (Work in Progress)",
number = "draft-ietf-mpls-framework-05",
month = "March",
}


@BOOK{citeulike,
author = "Pastor-Satorras, R. and Vespignani, A.",
title = "Evolution and Structure of the Internet: A Statistical Physics Approach",
publisher = "Cambridge University Press",
year = "2004",
}

@ARTICLE{milojevi2010power,
author = "Milojevic, S.",
title = "Power Law Distributions in Information Science: Making the Case for Logarithmic Binning",
journal = "Journal of the American Society for Information Science and Technology",
number = "12",
volume = "61",
year = "2010",
pages = "2417--2425",
month="December",
}

@INPROCEEDINGS{Faloutsos,
author = "Faloutsos, M. and Faloutsos, P. and Faloutsos, C.",
title = "On Power-Law Relationships of the {I}nternet Topology",
booktitle = "Proc. {ACM} {SIGCOMM}",
month = 9,
year = "1999",
}
